<?xml version="1.0" encoding="UTF-8"?><record xmlns="http://www.loc.gov/MARC21/slim" xmlns:cinclude="http://apache.org/cocoon/include/1.0" xmlns:zs="http://www.loc.gov/zing/srw/">
  <leader>00752nz  a2200169n  4500</leader>
  <controlfield tag="001">no2011130702</controlfield>
  <controlfield tag="003">DLC</controlfield>
  <controlfield tag="005">20110825075211.0</controlfield>
  <controlfield tag="008">110823n| acannaabn          |a ana     c</controlfield>
  <datafield tag="010" ind1=" " ind2=" ">
    <subfield code="a">no2011130702</subfield>
  </datafield>
  <datafield tag="035" ind1=" " ind2=" ">
    <subfield code="a">(OCoLC)oca08952957</subfield>
  </datafield>
  <datafield tag="040" ind1=" " ind2=" ">
    <subfield code="a">IeDuTC</subfield>
    <subfield code="b">eng</subfield>
    <subfield code="c">IeDuTC</subfield>
  </datafield>
  <datafield tag="110" ind1="2" ind2=" ">
    <subfield code="a">International Society of Biomechanics in Sports</subfield>
  </datafield>
  <datafield tag="410" ind1="2" ind2=" ">
    <subfield code="a">ISBS</subfield>
  </datafield>
  <datafield tag="510" ind1="2" ind2=" ">
    <subfield code="w">a</subfield>
    <subfield code="a">International Society for the Biomechanics of Sport</subfield>
  </datafield>
  <datafield tag="670" ind1=" " ind2=" ">
    <subfield code="a">Sports biomechanics, Jan. 2002:</subfield>
    <subfield code="b">t.p. (International Society of Biomechanics in Sports)</subfield>
  </datafield>
  <datafield tag="670" ind1=" " ind2=" ">
    <subfield code="a">Proceedings of the 27th International Conference on Biomechanics in Sports, 2010 :</subfield>
    <subfield code="b">(Aug. 17-21 2009, University of Limerick, Ireland) p.1 (official annual meeting of the International Society of Biomechanics in Sports (ISBS))</subfield>
  </datafield>
</record>